%Shalev-Shwartz
@article{shalev,
  title={Online learning and online convex optimization},
  author={Shalev-Shwartz, Shai and others},
  journal={Foundations and trends in Machine Learning},
  volume={4},
  number={2},
  pages={107--194},
  year={2011}
}

%Flokas
@article{flokas,
  title={No-regret learning and mixed Nash equilibria: They do not mix},
  author={Flokas, Lampros and Vlatakis-Gkaragkounis, Emmanouil-Vasileios and Lianeas, Thanasis and Mertikopoulos, Panayotis and Piliouras, Georgios},
  journal={arXiv preprint arXiv:2010.09514},
  year={2020}
}

%Hart
@article{hart,
  title={Uncoupled dynamics do not lead to Nash equilibrium},
  author={Hart, Sergiu and Mas-Colell, Andreu},
  journal={American Economic Review},
  volume={93},
  number={5},
  pages={1830--1836},
  year={2003}
}

%Jordan
@article{jordan,
  title={Three problems in learning mixed-strategy Nash equilibria},
  author={Jordan, James S},
  journal={Games and Economic Behavior},
  volume={5},
  number={3},
  pages={368--386},
  year={1993},
  publisher={Elsevier}
}

%Jafari
@inproceedings{jafari,
  title={On no-regret learning, fictitious play, and nash equilibrium},
  author={Jafari, Amir and Greenwald, Amy and Gondek, David and Ercal, Gunes},
  booktitle={ICML},
  volume={1},
  pages={226--233},
  year={2001}
}

%Mertikopulos
@article{mertikopoulos,
  title={Learning in games with continuous action sets and unknown payoff functions},
  author={Mertikopoulos, Panayotis and Zhou, Zhengyuan},
  journal={Mathematical Programming},
  volume={173},
  number={1},
  pages={465--507},
  year={2019},
  publisher={Springer}
}

