%Shalev-Shwartz
@article{shalev,
  title={Online learning and online convex optimization},
  author={Shalev-Shwartz, Shai and others},
  journal={Foundations and trends in Machine Learning},
  volume={4},
  number={2},
  pages={107--194},
  year={2011}
}

%Flokas
@article{flokas,
  title={No-regret learning and mixed Nash equilibria: They do not mix},
  author={Flokas, Lampros and Vlatakis-Gkaragkounis, Emmanouil-Vasileios and Lianeas, Thanasis and Mertikopoulos, Panayotis and Piliouras, Georgios},
  journal={arXiv preprint arXiv:2010.09514},
  year={2020}
}

%Hart
@article{hart,
  title={Uncoupled dynamics do not lead to Nash equilibrium},
  author={Hart, Sergiu and Mas-Colell, Andreu},
  journal={American Economic Review},
  volume={93},
  number={5},
  pages={1830--1836},
  year={2003}
}

%Jordan
@article{jordan,
  title={Three problems in learning mixed-strategy Nash equilibria},
  author={Jordan, James S},
  journal={Games and Economic Behavior},
  volume={5},
  number={3},
  pages={368--386},
  year={1993},
  publisher={Elsevier}
}

%Jafari
@inproceedings{jafari,
  title={On no-regret learning, fictitious play, and nash equilibrium},
  author={Jafari, Amir and Greenwald, Amy and Gondek, David and Ercal, Gunes},
  booktitle={ICML},
  volume={1},
  pages={226--233},
  year={2001}
}

%Mertikopulos
@article{mertikopoulos,
  title={Learning in games with continuous action sets and unknown payoff functions},
  author={Mertikopoulos, Panayotis and Zhou, Zhengyuan},
  journal={Mathematical Programming},
  volume={173},
  number={1},
  pages={465--507},
  year={2019},
  publisher={Springer}
}

%Daskalakis
@article{daskalakis,
  title={The complexity of computing a Nash equilibrium},
  author={Daskalakis, Constantinos and Goldberg, Paul W and Papadimitriou, Christos H},
  journal={SIAM Journal on Computing},
  volume={39},
  number={1},
  pages={195--259},
  year={2009},
  publisher={SIAM}
}

%Chen
@inproceedings{chen,
  title={Settling the complexity of two-player Nash equilibrium},
  author={Chen, Xi and Deng, Xiaotie},
  booktitle={2006 47th Annual IEEE Symposium on Foundations of Computer Science (FOCS'06)},
  pages={261--272},
  year={2006},
  organization={IEEE}
}

%Nash
@article{nash,
  title={Non-cooperative games},
  author={Nash, John},
  journal={Annals of mathematics},
  pages={286--295},
  year={1951},
  publisher={JSTOR}
}

%viossat. Have from Mertikopulos. Used to cite that CCE assign %positive probability to strictly dominated strategies. See %chapter equilibria concepts.
@article{viossat,
  title={No-regret dynamics and fictitious play},
  author={Viossat, Yannick and Zapechelnyuk, Andriy},
  journal={Journal of Economic Theory},
  volume={148},
  number={2},
  pages={825--842},
  year={2013},
  publisher={Elsevier}
}

@article{sandholm,
  title={Learning in games via reinforcement and regularization},
  author={Mertikopoulos, Panayotis and Sandholm, William H},
  journal={Mathematics of Operations Research},
  volume={41},
  number={4},
  pages={1297--1324},
  year={2016},
  publisher={INFORMS}
}

@phdthesis{HDRmertikopoulos,
  title={Online optimization and learning in games: Theory and applications},
  author={Mertikopoulos, Panayotis},
  year={2019},
  school={Grenoble 1 UGA-Universit{\'e} Grenoble Alpes}
}

@article{bailey,
  title={Fast and furious learning in zero-sum games: Vanishing regret with non-vanishing step sizes},
  author={Bailey, James and Piliouras, Georgios},
  journal={Advances in Neural Information Processing Systems},
  volume={32},
  year={2019}
}



